@misc{nerf,
	title        = {NeRF: Representing Scenes as Neural Radiance Fields for View Synthesis},
	author       = {
		Ben Mildenhall and Pratul P. Srinivasan and Matthew Tancik and Jonathan T.
		Barron and Ravi Ramamoorthi and Ren Ng
	},
	year         = 2020,
	eprint       = {2003.08934},
	archiveprefix = {arXiv},
	primaryclass = {cs.CV}
}
@misc{mipnerf,
	title        = {
		Mip-NeRF: A Multiscale Representation for Anti-Aliasing Neural Radiance
		Fields
	},
	author       = {
		Jonathan T. Barron and Ben Mildenhall and Matthew Tancik and Peter Hedman and
		Ricardo Martin-Brualla and Pratul P. Srinivasan
	},
	year         = 2021,
	eprint       = {2103.13415},
	archiveprefix = {arXiv},
	primaryclass = {cs.CV}
}
@misc{tensorf,
	title        = {TensoRF: Tensorial Radiance Fields},
	author       = {Anpei Chen and Zexiang Xu and Andreas Geiger and Jingyi Yu and Hao Su},
	year         = 2022,
	eprint       = {2203.09517},
	archiveprefix = {arXiv},
	primaryclass = {cs.CV}
}
@article{d3c,
	title        = {Deep 3D Capture: Geometry and Reflectance from Sparse Multi-View Images},
	author       = {
		Bi, Sai and Xu, Zexiang and Sunkavalli, Kalyan and Kriegman, DavidJ. and
		Ramamoorthi, Ravi
	},
	year         = 2020,
	month        = {Mar},
	journal      = {
		arXiv: Computer Vision and Pattern Recognition,arXiv: Computer Vision and
		Pattern Recognition
	},
	language     = {en-US}
}
@article{xdd,
	title        = {
		Recovering shape and spatially-varying surface reflectance under unknown
		illumination
	},
	author       = {Xia, Rui and Dong, Yue and Peers, Pieter and Tong, Xin},
	year         = 2016,
	month        = {Nov},
	journal      = {ACM Transactions on Graphics},
	pages        = {1–12},
	doi          = {10.1145/2980179.2980248},
	url          = {http://dx.doi.org/10.1145/2980179.2980248},
	language     = {en-US}
}
@article{svb,
	title        = {
		Practical SVBRDF acquisition of 3D objects with unstructured flash
		photography
	},
	author       = {Nam, Giljoo and Lee, Joo Ho and Gutierrez, Diego and Kim, Min H.},
	year         = 2018,
	month        = {Dec},
	journal      = {ACM Transactions on Graphics},
	pages        = {1–12},
	doi          = {10.1145/3272127.3275017},
	url          = {http://dx.doi.org/10.1145/3272127.3275017},
	language     = {en-US}
}
@misc{tensoir,
	title        = {TensoIR: Tensorial Inverse Rendering},
	author       = {
		Haian Jin and Isabella Liu and Peijia Xu and Xiaoshuai Zhang and Songfang Han
		and Sai Bi and Xiaowei Zhou and Zexiang Xu and Hao Su
	},
	year         = 2023,
	eprint       = {2304.12461},
	archiveprefix = {arXiv},
	primaryclass = {cs.CV}
}
@misc{nvdiffrec,
	title        = {Extracting Triangular 3D Models, Materials, and Lighting From Images},
	author       = {
		Jacob Munkberg and Jon Hasselgren and Tianchang Shen and Jun Gao and Wenzheng
		Chen and Alex Evans and Thomas Müller and Sanja Fidler
	},
	year         = 2023,
	eprint       = {2111.12503},
	archiveprefix = {arXiv},
	primaryclass = {cs.CV}
}
@article{DMTet,
	title        = {
		Deep Marching Tetrahedra: a Hybrid Representation for High-Resolution 3D
		Shape Synthesis
	},
	author       = {
		Shen, Tianchang and Gao, Jun and Yin, Kangxue and Liu, Ming-Yu and Fidler,
		Sanja
	},
	year         = 2021,
	month        = {Nov},
	journal      = {Cornell University - arXiv,Cornell University - arXiv},
	language     = {en-US}
}
@misc{nvdiffrast,
	title        = {Modular Primitives for High-Performance Differentiable Rendering},
	author       = {
		Samuli Laine and Janne Hellsten and Tero Karras and Yeongho Seol and Jaakko
		Lehtinen and Timo Aila
	},
	year         = 2020,
	eprint       = {2011.03277},
	archiveprefix = {arXiv},
	primaryclass = {cs.GR}
}
@article{li2023nerfacc,
	title        = {NerfAcc: Efficient Sampling Accelerates NeRFs.},
	author       = {Li, Ruilong and Gao, Hang and Tancik, Matthew and Kanazawa, Angjoo},
	year         = 2023,
	journal      = {arXiv preprint arXiv:2305.04966}
}
@software{Mitsuba3,
	title        = {Mitsuba 3 renderer},
	author       = {
		Wenzel Jakob and Sébastien Speierer and Nicolas Roussel and Merlin
		Nimier-David and Delio Vicini and Tizian Zeltner and Baptiste Nicolet and
		Miguel Crespo and Vincent Leroy and Ziyi Zhang
	},
	year         = 2022,
	note         = {https://mitsuba-renderer.org},
	version      = {3.1.1}
}
@article{DiffMCRT,
	title        = {Differentiable Monte Carlo Ray Tracing through Edge Sampling},
	author       = {
		Li, Tzu-Mao and Csail, Mit and Aittala, Miika and Durand, Frédo and Lehtinen,
		Jaakko
	},
	language     = {en-US}
}
@inproceedings{N3MR,
	title        = {Neural 3D Mesh Renderer},
	author       = {Kato, Hiroharu and Ushiku, Yoshitaka and Harada, Tatsuya},
	year         = 2018,
	month        = {Jun},
	booktitle    = {2018 IEEE/CVF Conference on Computer Vision and Pattern Recognition},
	doi          = {10.1109/cvpr.2018.00411},
	url          = {http://dx.doi.org/10.1109/cvpr.2018.00411},
	language     = {en-US}
}
@inbook{OpenDR,
	title        = {OpenDR: An Approximate Differentiable Renderer},
	author       = {Loper, Matthew M. and Black, Michael J.},
	year         = 2014,
	month        = {Jan},
	booktitle    = {Computer Vision – ECCV 2014,Lecture Notes in Computer Science},
	pages        = {154–169},
	doi          = {10.1007/978-3-319-10584-0_11},
	url          = {http://dx.doi.org/10.1007/978-3-319-10584-0_11},
	language     = {en-US}
}
@article{NeuManifold,
	title        = {
		NeuManifold: Neural Watertight Manifold Reconstruction with Efficient and
		High-Quality Rendering Support
	},
	author       = {
		Wei, Xinyue and Xiang, Fanbo and Bi, Sai and Chen, Anpei and Sunkavalli,
		Kalyan and Xu, Zexiang and Su, Hao and Diego, San and Research, Adobe and
		Zürich, Eth
	},
	language     = {en-US}
}
@inproceedings{DisneyBRDF,
	title        = {Physically-Based Shading at Disney},
	author       = {Brent Burley},
	year         = 2012,
	url          = {https://api.semanticscholar.org/CorpusID:7260137}
}
@article{Drjit,
	title        = {Dr.Jit: A Just-In-Time Compiler for Differentiable Rendering},
	author       = {
		Wenzel Jakob and S{\'e}bastien Speierer and Nicolas Roussel and Delio Vicini
	},
	year         = 2022,
	month        = jul,
	journal      = {Transactions on Graphics (Proceedings of SIGGRAPH)},
	volume       = 41,
	number       = 4,
	doi          = {10.1145/3528223.3530099}
}
@article{SfM,
	title        = {A computer algorithm for reconstructing a scene from two projections},
	author       = {Longuet-Higgins, H. C.},
	year         = 1981,
	month        = {Sep},
	journal      = {Nature},
	pages        = {133–135},
	doi          = {10.1038/293133a0},
	url          = {http://dx.doi.org/10.1038/293133a0},
	language     = {en-US}
}
@inproceedings{COLMAP1,
	title        = {Structure-from-Motion Revisited},
	author       = {Sch\"{o}nberger, Johannes Lutz and Frahm, Jan-Michael},
	year         = 2016,
	booktitle    = {Conference on Computer Vision and Pattern Recognition (CVPR)}
}
@inproceedings{COLMAP2,
	title        = {Pixelwise View Selection for Unstructured Multi-View Stereo},
	author       = {
		Sch\"{o}nberger, Johannes Lutz and Zheng, Enliang and Pollefeys, Marc and
		Frahm, Jan-Michael
	},
	year         = 2016,
	booktitle    = {European Conference on Computer Vision (ECCV)}
}
@inproceedings{DeepVO,
	title        = {
		DeepVO: Towards end-to-end visual odometry with deep Recurrent Convolutional
		Neural Networks
	},
	author       = {Wang, Sen and Clark, Ronald and Wen, Hongkai and Trigoni, Niki},
	year         = 2017,
	month        = {May},
	booktitle    = {2017 IEEE International Conference on Robotics and Automation (ICRA)},
	doi          = {10.1109/icra.2017.7989236},
	url          = {http://dx.doi.org/10.1109/icra.2017.7989236},
	language     = {en-US}
}
@article{BA-Net,
	title        = {BA-Net: Dense Bundle Adjustment Networks},
	author       = {Tang, Chengzhou and Tan, Ping},
	year         = 2018,
	month        = {Jun},
	journal      = {
		International Conference on Learning Representations,International Conference
		on Learning Representations
	},
	language     = {en-US}
}
@article{3DGS,
	title        = {3D Gaussian Splatting for Real-Time Radiance Field Rendering},
	author       = {
		Kerbl, Bernhard and Kopanas, Georgios and Leimk{\"u}hler, Thomas and
		Drettakis, George
	},
	year         = 2023,
	month        = {July},
	journal      = {ACM Transactions on Graphics},
	volume       = 42,
	number       = 4,
	url          = {https://repo-sam.inria.fr/fungraph/3d-gaussian-splatting/}
}
@article{Nerf2Mesh,
	title        = {Delicate Textured Mesh Recovery from NeRF via Adaptive Surface Refinement},
	author       = {
		Tang, Jiaxiang and Zhou, Hang and Chen, Xiaokang and Hu, Tianshu and Ding,
		Errui and Wang, Jingdong and Zeng, Gang
	},
	year         = 2023,
	month        = {Mar},
	language     = {en-US}
}
@misc{SIRe-IR,
	title        = {
		SIRe-IR: Inverse Rendering for BRDF Reconstruction with Shadow and
		Illumination Removal in High-Illuminance Scenes
	},
	author       = {
		Ziyi Yang and Yanzhen Chen and Xinyu Gao and Yazhen Yuan and Yu Wu and
		Xiaowei Zhou and Xiaogang Jin
	},
	year         = 2023,
	eprint       = {2310.13030},
	archiveprefix = {arXiv},
	primaryclass = {cs.CV}
}
@misc{neural_field_summary,
	title        = {Neural Fields in Visual Computing and Beyond},
	author       = {
		Yiheng Xie and Towaki Takikawa and Shunsuke Saito and Or Litany and Shiqin
		Yan and Numair Khan and Federico Tombari and James Tompkin and Vincent
		Sitzmann and Srinath Sridhar
	},
	year         = 2022,
	eprint       = {2111.11426},
	archiveprefix = {arXiv},
	primaryclass = {cs.CV}
}
@misc{softraster,
	title        = {Soft Rasterizer: A Differentiable Renderer for Image-based 3D Reasoning},
	author       = {Shichen Liu and Tianye Li and Weikai Chen and Hao Li},
	year         = 2019,
	eprint       = {1904.01786},
	archiveprefix = {arXiv},
	primaryclass = {cs.CV}
}
@article{Loubet,
	title        = {Reparameterizing discontinuous integrands for differentiable rendering},
	author       = {Loubet, Guillaume and Holzschuch, Nicolas and Jakob, Wenzel},
	year         = 2019,
	month        = {Dec},
	journal      = {ACM Transactions on Graphics},
	pages        = {1–14},
	doi          = {10.1145/3355089.3356510},
	url          = {http://dx.doi.org/10.1145/3355089.3356510},
	language     = {en-US}
}
@inproceedings{PhySG,
	title        = {
		PhySG: Inverse Rendering with Spherical Gaussians for Physics-based Material
		Editing and Relighting
	},
	author       = {
		Zhang, Kai and Luan, Fujun and Wang, Qianqian and Bala, Kavita and Snavely,
		Noah
	},
	year         = 2021,
	month        = {Jun},
	booktitle    = {2021 IEEE/CVF Conference on Computer Vision and Pattern Recognition (CVPR)},
	doi          = {10.1109/cvpr46437.2021.00541},
	url          = {http://dx.doi.org/10.1109/cvpr46437.2021.00541},
	language     = {en-US}
}
@article{IRON,
	title        = {
		IRON: Inverse Rendering by Optimizing Neural SDFs and Materials from
		Photometric Images
	},
	author       = {Zhang, Kai and Luan, Fujun and Li, Zhengqi and Snavely, Noah},
	language     = {en-US}
}
@article{PSDR,
	title        = {Path-Space Differentiable Rendering},
	author       = {
		Zhang, Cheng and Miller, Bailey and Yan, Kai and Gkioulekas, Ioannis and
		Zhao, Shuang
	},
	year         = 2020,
	journal      = {ACM Trans. Graph.},
	volume       = 39,
	number       = 4,
	pages        = {143:1--143:19}
}
@article{SIRS,
	title        = {Shape, Illumination, and Reflectance from Shading},
	author       = {Barron, Jonathan T. and Malik, Jitendra},
	year         = 2015,
	month        = {Aug},
	journal      = {IEEE Transactions on Pattern Analysis and Machine Intelligence},
	pages        = {1670–1687},
	doi          = {10.1109/tpami.2014.2377712},
	url          = {http://dx.doi.org/10.1109/tpami.2014.2377712},
	language     = {en-US}
}
@article{Learning1image,
	title        = {
		Learning to reconstruct shape and spatially-varying reflectance from a single
		image
	},
	author       = {
		Li, Zhengqin and Xu, Zexiang and Ramamoorthi, Ravi and Sunkavalli, Kalyan and
		Chandraker, Manmohan
	},
	year         = 2018,
	month        = {Dec},
	journal      = {ACM Transactions on Graphics},
	pages        = {1–11},
	doi          = {10.1145/3272127.3275055},
	url          = {http://dx.doi.org/10.1145/3272127.3275055},
	language     = {en-US}
}
@article{D3DC,
	title        = {Deep 3D Capture: Geometry and Reflectance from Sparse Multi-View Images},
	author       = {
		Bi, Sai and Xu, Zexiang and Sunkavalli, Kalyan and Kriegman, David and
		Ramamoorthi, Ravi
	},
	year         = 2020,
	month        = {Mar},
	journal      = {
		arXiv: Computer Vision and Pattern Recognition,arXiv: Computer Vision and
		Pattern Recognition
	},
	language     = {en-US}
}
@inproceedings{MLR,
	title        = {
		Material and Lighting Reconstruction for Complex Indoor Scenes with
		Texture-space Differentiable Rendering
	},
	author       = {Nimier-David, Merlin and Dong, Zhao and Jakob, Wenzel and Kaplanyan, Anton},
	year         = 2021,
	booktitle    = {Eurographics Symposium on Rendering - DL-only Track},
	publisher    = {The Eurographics Association},
	doi          = {10.2312/sr.20211292},
	isbn         = {978-3-03868-157-1},
	issn         = {1727-3463},
	editor       = {Bousseau, Adrien and McGuire, Morgan}
}
@inproceedings{M3D,
	title        = {
		Multi-view 3D Reconstruction of a Texture-less Smooth Surface of Unknown
		Generic Reflectance
	},
	author       = {
		Cheng, Ziang and Li, Hongdong and Asano, Yuta and Zheng, Yinqiang and Sato,
		Imari
	},
	year         = 2021,
	month        = {Jun},
	booktitle    = {2021 IEEE/CVF Conference on Computer Vision and Pattern Recognition (CVPR)},
	doi          = {10.1109/cvpr46437.2021.01596},
	url          = {http://dx.doi.org/10.1109/cvpr46437.2021.01596},
	language     = {en-US}
}
